@article{das2004dna,
  title={DNA methylation and cancer},
  author={Das, Partha M and Singal, Rakesh},
  journal={Journal of clinical oncology},
  volume={22},
  number={22},
  pages={4632--4642},
  year={2004},
  publisher={American Society of Clinical Oncology}
}

@book{griffiths2005introduction,
  title={An introduction to genetic analysis},
  author={Griffiths, Anthony JF and Wessler, Susan R and Lewontin, Richard C and Gelbart, William M and Suzuki, David T and Miller, Jeffrey H and others},
  year={2005},
  publisher={Macmillan}
}

@article{du2010comparison,
  title={Comparison of Beta-value and M-value methods for quantifying methylation levels by microarray analysis},
  author={Du, Pan and Zhang, Xiao and Huang, Chiang-Ching and Jafari, Nadereh and Kibbe, Warren A and Hou, Lifang and Lin, Simon M},
  journal={BMC bioinformatics},
  volume={11},
  number={1},
  pages={587},
  year={2010},
  publisher={BioMed Central}
}

@incollection{fazzari2010introduction,
  title={Introduction to epigenomics and epigenome-wide analysis},
  author={Fazzari, Melissa J and Greally, John M},
  booktitle={Statistical Methods in Molecular Biology},
  pages={243--265},
  year={2010},
  publisher={Springer}
}

@article{wang2017accounting,
  title={Accounting for differential variability in detecting differentially methylated regions},
  author={Wang, Ya and Teschendorff, Andrew E and Widschwendter, Martin and Wang, Shuang},
  journal={Briefings in bioinformatics},
  volume={20},
  number={1},
  pages={47--57},
  year={2017},
  publisher={Oxford University Press}
}

@book{hogg2019introduction,
title={Introduction to mathematical statistics},
author={Robert V Hogg, Joseph W McKean and Allen T Craig},
year = {2019},
publisher={Pearson}
}

@article{benjamini1995controlling,
  title={Controlling the false discovery rate: a practical and powerful approach to multiple testing},
  author={Benjamini, Yoav and Hochberg, Yosef},
  journal={Journal of the Royal statistical society: series B (Methodological)},
  volume={57},
  number={1},
  pages={289--300},
  year={1995},
  publisher={Wiley Online Library}
}
@article{pitman1939note,
  title={A note on normal correlation},
  author={Pitman, EJG},
  journal={Biometrika},
  volume={31},
  number={1/2},
  pages={9--12},
  year={1939},
  publisher={JSTOR}
}

@misc{Infinium,
title = {Infinium HumanMethylation450K v1.2 Product Files},
author = {Illumina Inc.},
url = "https://support.illumina.com/array/array_kits/infinium_humanmethylation450_beadchip_kit/downloads.html",
note = "[Online; accessed 8-July-2019]"
}

@Article{bumphunter,
  author = {Andrew E. Jaffe and Peter Murakami and Hwajin Lee and Jeffrey T. Leek and Daniele M. Fallin and Andrew P. Feinberg and Rafael A. Irizarry},
  title = {Bump hunting to identify differentially methylated regions in epigenetic epidemiology studies},
  journal = {International journal of epidemiology},
  year = {2012},
  volume = {41},
  number = {1},
  pages = {200--209},
  doi = {10.1093/ije/dyr238},
  pubmed = {22422453},
}

@Article{minfi,
  title = {Minfi: A flexible and comprehensive Bioconductor package for the analysis of Infinium DNA Methylation microarrays},
  author = {Martin J. Aryee and Andrew E. Jaffe and Hector Corrada-Bravo and Christine Ladd-Acosta and Andrew P. Feinberg and Kasper D. Hansen and Rafael A. Irizarry},
  year = {2014},
  journal = {Bioinformatics},
  volume = {30},
  number = {10},
  pages = {1363--1369},
  doi = {10.1093/bioinformatics/btu049},
  pubmed = {24478339},
}
@article{eckhardt2006dna,
  title={DNA methylation profiling of human chromosomes 6, 20 and 22},
  author={Eckhardt, Florian and Lewin, Joern and Cortese, Rene and Rakyan, Vardhman K and Attwood, John and Burger, Matthias and Burton, John and Cox, Tony V and Davies, Rob and Down, Thomas A and others},
  journal={Nature genetics},
  volume={38},
  number={12},
  pages={1378},
  year={2006},
  publisher={Nature Publishing Group}
}
@book{brockwell2002introduction,
  title={Introduction to time series and forecasting},
  author={Brockwell, Peter J and Davis, Richard A and Calder, Matthew V},
  volume={2},
  year={2002},
  publisher={Springer}
}

@article{zhang2018data,
  title={Data-Driven-Based Approach to Identifying Differentially Methylated Regions Using Modified 1D Ising Model},
  author={Zhang, Yuanyuan and Wang, Shudong and Wang, Xinzeng},
  journal={BioMed research international},
  volume={2018},
  year={2018},
  publisher={Hindawi}
}
@article{wu2015detection,
  title={Detection of differentially methylated regions from whole-genome bisulfite sequencing data without replicates},
  author={Wu, Hao and Xu, Tianlei and Feng, Hao and Chen, Li and Li, Ben and Yao, Bing and Qin, Zhaohui and Jin, Peng and Conneely, Karen N},
  journal={Nucleic acids research},
  volume={43},
  number={21},
  pages={e141--e141},
  year={2015},
  publisher={Oxford University Press}
}
@article{hansen2012bsmooth,
  title={BSmooth: from whole genome bisulfite sequencing reads to differentially methylated regions},
  author={Hansen, Kasper D and Langmead, Benjamin and Irizarry, Rafael A},
  journal={Genome biology},
  volume={13},
  number={10},
  pages={R83},
  year={2012},
  publisher={BioMed Central}
}
@article{morgan1939test,
  title={A test for the significance of the difference between the two variances in a sample from a normal bivariate population},
  author={Morgan, WA},
  journal={Biometrika},
  volume={31},
  number={1/2},
  pages={13--19},
  year={1939},
  publisher={JSTOR}
}